@book{appelrath_2012, 
  title={(In German) Hybridnetze f{\"u}r die Energiewende-Forschungsfragen aus Sicht der IKT}, 
  author={Appelrath, Hans-J{\"u}rgen and Lehnhoff, Sebastian and Rohjans, Sebastian and K{\"o}nig, Andreas},
  year={2012},
  publisher={acatech--Deutsche Akademie der Technikwissenschaften}
} 

@phdthesis{arnold_2011,
  title={On predictive control for coordination in multi-carrier energy systems},
  author={Arnold, Mich{\`e}le},
  year={2011},
  school={ETH Zurich}
}

@inproceedings{arnold_2009,
  title={Model-based predictive control applied to multi-carrier energy systems},
  author={Arnold, Mich{\'e}le and Negenborn, Rudy R and Andersson, G{\"o}ran and De Schutter, Bart},
  booktitle={Power \& Energy Society (PES)},
  year={2009},
  organization={IEEE}
}

@article{keirstead_2012,
  title={The impact of CHP (combined heat and power) planning restrictions on the efficiency of urban energy systems},
  author={Keirstead, James and Samsatli, Nouri and Shah, Nilay and Weber, C{\'e}line},
  journal={Energy: The International Journal},
  volume={41},
  number={1},
  pages={93--103},
  year={2012},
  publisher={Elsevier}
}

@phdthesis{auer_2011,
  title={{Grid Regulation in Competitive Electricity Markets. Methods, Implementation, Experience, and Requirements for the Future}},
  author={Auer, Johann},
  year={2011},
  school={Vienna University of Technology},
  note={Habilitation thesis},
  month={March},
  language={english}
}

@article{infraplan, 
  title={(In German) Analyse der M{\"o}glichkeiten f{\"u}r die Umsetzung von Hybridnetzen (Strom, Gas, W{\"a}rme) in st{\"a}dtischen Ballungsgebieten der DA-CH Region},
  author={Hinterberger, Robert and Kleimaier, Martin},
  journal={Internationale Energiewirtschaftstagung an der TU Wien. Wien},
  year={2013}
}

@techreport{etransport,
  title={eTransport. A novel tool for energy system planning},
  author={Bakken, Bjoern Harald and Wolfgang, Ove and Roeynstrand, Jarand and Frydenlund, Frode and Skjelbred, Hans Ivar},
  year={2006},
  institution={SINTEF Energiforskning AS}
}

@article{trebolle_2010,
title = "Distribution planning with reliability options for distributed generation ",
journal = "Electric Power Systems Research ",
volume = "80",
number = "2",
pages = "222 - 229",
year = "2010",
note = "",
issn = "0378-7796",
doi = "http://dx.doi.org/10.1016/j.epsr.2009.09.004",
url = "http://www.sciencedirect.com/science/article/pii/S0378779609002041",
author = "David Trebolle and Tomás Gómez and Rafael Cossent and Pablo Frías",
keywords = "Distributed generation",
keywords = "Distribution planning",
keywords = "Reliability options",
keywords = "Firmness "
}

@inproceedings{Widl_2015,
  title={Simulation of Multi-domain Energy Systems Based on the Functional Mock-up Interface Specification},
  author={Widl, Edmund and M{\"u}ller, Wolfgang and Basciotti, Daniele and Henein, Sawsan and Hauer, Stefan and Eder, Katharina},
  booktitle={Smart Electric Distribution Systems and Technologies (EDST)},
  year={2015},
  organization={IEEE}
}

@INPROCEEDINGS{Derksen_2012,
author={Derksen, C. and Branki, C. and Unland, R.},
booktitle={Computer Science and Information Systems (FedCSIS), 2012 Federated Conference on},
title={A framework for agent-based simulations of hybrid energy infrastructures},
year={2012},
pages={1293-1299},
month={Sept},}

@article{lehnhoff2013ict,
  title={ICT-Challenges in Load Balancing across Multi-Domain Hybrid Energy Infrastructures},
  author={Lehnhoff, Sebastian and Rohjans, Sebastian and Appelrath, Hans-J{\"u}rgen},
  journal={it-Information Technology Methoden und innovative Anwendungen der Informatik und Informationstechnik},
  volume={55},
  number={2},
  pages={70--75},
  year={2013}
}